@artic@article{burattiSustainablePanelsRecycled2016,
  title = {Sustainable {{Panels}} with {{Recycled Materials}} for {{Building Applications}}: {{Environmental}} and {{Acoustic Characterization}}},
  shorttitle = {Sustainable {{Panels}} with {{Recycled Materials}} for {{Building Applications}}},
  author = {Buratti, Cinzia and Belloni, Elisa and Lascaro, Elisa and Lopez, Giovanna Anna and Ricciardi, Paola},
  year = {2016},
  month = nov,
  journal = {Energy Procedia},
  series = {{{ATI}} 2016 - 71st {{Conference}} of the {{Italian Thermal Machines Engineering Association}}},
  volume = {101},
  pages = {972--979},
  issn = {1876-6102},
  doi = {10.1016/j.egypro.2016.11.123},
  urldate = {2024-08-17},
  abstract = {Sound absorption materials structure is generally based on porous synthetic media (rock wool, glass wool, polyurethane, polyester, ect.): they have expensive production processes, important energy consumptions, and high environmental impact. Recycled materials are becoming an interesting alternative, due to their good acoustic behavior, similar to traditional porous materials; they also allow low impact production costs, thanks to the use of wastes derived from other production cycles. This work focuses on the evaluation of the acoustic absorption properties of new panels made of recycled paper and other scrap materials, as wool and nonwoven polyester fabric: different samples were produced and tested by means of impedance tube, according to ISO 10534-2. In order to present the environmental benefits, Life Cycle Assessment was carried out in terms of primary embodied energy and greenhouse gas emissions, considering a ``cradle-to-gate'' approach. Furthermore, the behavior of innovative absorption materials was investigated in order to improve the acoustic performance of a lecture room, by means of an acoustic simulation software. A comparison with traditional materials was also carried out for both acoustic and environmental aspects. In the simulation model, calibrated by an in-situ experimental campaign of the main acoustic quality indexes (Reverberation Time, Clarity and Definition Indexes, Speech Transmission Index), different acoustic correction solutions were implemented: both the new recycled and traditional panels were applied as wall and ceiling absorbers. The analysis of the acoustic absorption trends, in 100 - 5000Hz frequencies range, shows that the new materials are suitable as acoustic correction systems, especially the panel composed by waste paper and wool fibers. The LCA analysis results show that, considering the same acoustic performance, the recycled panels allow to reduce the environmental effects and the global production costs.},
  keywords = {Acoustic characterization,Acoustic quality indexes,Life Cycle Assessment,Recycled sustainable materials},
  file = {C\:\\Users\\naseh\\Zotero\\storage\\IITXS2DX\\Buratti et al. - 2016 - Sustainable Panels with Recycled Materials for Bui.pdf;C\:\\Users\\naseh\\Zotero\\storage\\MJLUSVNN\\S1876610216313327.html}
}

@misc{companyKeyTakeawaysArchitectural2024,
  title = {5 {{Key Takeaways From The Architectural Acoustic Panels Market Report}} 2024 - {{Latest Global Market Insights}}},
  author = {Company, The Business Research},
  year = {2024},
  month = may,
  urldate = {2024-08-17},
  abstract = {The Business Research Company offers the architectural acoustic panels market research report 2024 with industry size, share, segments and market growth},
  langid = {american},
  file = {C:\Users\naseh\Zotero\storage\8AR8HARI\architectural-acoustic-panels-market-report.html}
}

@misc{ConsumersCareSustainability,
  title = {Do Consumers Care about Sustainability \& {{ESG}} Claims? {\textbar} {{McKinsey}}},
  urldate = {2024-08-17},
  howpublished = {https://www.mckinsey.com/industries/consumer-packaged-goods/our-insights/consumers-care-about-sustainability-and-back-it-up-with-their-wallets}
}

@misc{CriticalReviewSustainability,
  title = {Critical {{Review}} on {{Sustainability}} in {{Denim}}: {{A Step}} toward {{Sustainable Production}} and {{Consumption}} of {{Denim}} {\textbar} {{ACS Omega}}},
  urldate = {2024-08-17},
  howpublished = {https://pubs.acs.org/doi/10.1021/acsomega.2c06374},
  file = {C:\Users\naseh\Zotero\storage\PCI7DFVC\acsomega.html}
}

@misc{EnvironmentalSustainabilityFashion,
  title = {Environmental {{Sustainability}} in the {{Fashion Industry}}},
  urldate = {2024-08-17},
  abstract = {Fast fashion comes at an astonishing environmental and social cost. While the impacts of the fashion industry in terms of pollution, water use, carbon emissions, human rights, and gender inequality are increasing, the need for a shift to sustainable fashion...},
  howpublished = {https://www.genevaenvironmentnetwork.org/resources/updates/sustainable-fashion/},
  langid = {american},
  file = {C:\Users\naseh\Zotero\storage\Z4KPMLCV\sustainable-fashion.html}
}

@misc{irwinFutureAcousticsEcoFriendly2024,
  title = {The {{Future}} of {{Acoustics}} in {{Eco-Friendly Building Design}}},
  author = {Irwin, Mark},
  year = {2024},
  month = apr,
  journal = {Resonics},
  urldate = {2024-08-17},
  abstract = {Are you looking to know everything about "eco-friendly design"? You've just landed in the right place. Click here to read more.},
  langid = {british},
  file = {C:\Users\naseh\Zotero\storage\9JVM2U4G\the-future-of-acoustics-in-eco-friendly-building-design.html}
}

@misc{JeansAcousticPanel,
  title = {From Jeans to Acoustic Panel {\textbar} {{Nyink}}},
  urldate = {2024-08-17},
  howpublished = {https://www.nyink.nl/en/about-nyink/news/van-spijkerbroek-naar-akoestisch-paneel/},
  file = {C:\Users\naseh\Zotero\storage\IPPBF9IS\van-spijkerbroek-naar-akoestisch-paneel.html}
}

@article{konstantinovaPozharobezopasnoePrimenenieAkusticheskih2022,
  title = {{{\cyrchar\CYRP}{\cyrchar\cyro}{\cyrchar\cyrzh}{\cyrchar\cyra}{\cyrchar\cyrr}{\cyrchar\cyro}{\cyrchar\cyrb}{\cyrchar\cyre}{\cyrchar\cyrz}{\cyrchar\cyro}{\cyrchar\cyrp}{\cyrchar\cyra}{\cyrchar\cyrs}{\cyrchar\cyrn}{\cyrchar\cyro}{\cyrchar\cyre} {\cyrchar\cyrp}{\cyrchar\cyrr}{\cyrchar\cyri}{\cyrchar\cyrm}{\cyrchar\cyre}{\cyrchar\cyrn}{\cyrchar\cyre}{\cyrchar\cyrn}{\cyrchar\cyri}{\cyrchar\cyre} {\cyrchar\cyra}{\cyrchar\cyrk}{\cyrchar\cyru}{\cyrchar\cyrs}{\cyrchar\cyrt}{\cyrchar\cyri}{\cyrchar\cyrch}{\cyrchar\cyre}{\cyrchar\cyrs}{\cyrchar\cyrk}{\cyrchar\cyri}{\cyrchar\cyrh} {\cyrchar\cyrm}{\cyrchar\cyra}{\cyrchar\cyrt}{\cyrchar\cyre}{\cyrchar\cyrr}{\cyrchar\cyri}{\cyrchar\cyra}{\cyrchar\cyrl}{\cyrchar\cyro}{\cyrchar\cyrv} {\cyrchar\cyrv} {\cyrchar\cyrz}{\cyrchar\cyrd}{\cyrchar\cyra}{\cyrchar\cyrn}{\cyrchar\cyri}{\cyrchar\cyrya}{\cyrchar\cyrh} {\cyrchar\cyrk}{\cyrchar\cyru}{\cyrchar\cyrl}{\cyrchar\cyrsftsn}{\cyrchar\cyrt}{\cyrchar\cyru}{\cyrchar\cyrr}{\cyrchar\cyrn}{\cyrchar\cyro}-{\cyrchar\cyrz}{\cyrchar\cyrr}{\cyrchar\cyre}{\cyrchar\cyrl}{\cyrchar\cyri}{\cyrchar\cyrshch}{\cyrchar\cyrn}{\cyrchar\cyro}{\cyrchar\cyrg}{\cyrchar\cyro} {\cyrchar\cyrn}{\cyrchar\cyra}{\cyrchar\cyrz}{\cyrchar\cyrn}{\cyrchar\cyra}{\cyrchar\cyrch}{\cyrchar\cyre}{\cyrchar\cyrn}{\cyrchar\cyri}{\cyrchar\cyrya}}},
  author = {{\cyrchar\CYRK}{\cyrchar\cyro}{\cyrchar\cyrn}{\cyrchar\cyrs}{\cyrchar\cyrt}{\cyrchar\cyra}{\cyrchar\cyrn}{\cyrchar\cyrt}{\cyrchar\cyri}{\cyrchar\cyrn}{\cyrchar\cyro}{\cyrchar\cyrv}{\cyrchar\cyra}, {\cyrchar\CYRN}. {\cyrchar\CYRI}. and {\cyrchar\CYRS}{\cyrchar\cyrm}{\cyrchar\cyri}{\cyrchar\cyrr}{\cyrchar\cyrn}{\cyrchar\cyro}{\cyrchar\cyrv}, {\cyrchar\CYRN}. {\cyrchar\CYRV}. and {\cyrchar\CYRZ}{\cyrchar\cyru}{\cyrchar\cyrb}{\cyrchar\cyra}{\cyrchar\cyrn}{\cyrchar\cyrsftsn}, {\cyrchar\CYRA}. {\cyrchar\CYRV}. and {\cyrchar\CYRZ}{\cyrchar\cyru}{\cyrchar\cyrb}{\cyrchar\cyra}{\cyrchar\cyrn}{\cyrchar\cyrsftsn}, {\cyrchar\CYRO}. {\cyrchar\CYRP}.},
  year = {2022},
  month = feb,
  journal = {{\cyrchar\CYRP}{\cyrchar\cyro}{\cyrchar\cyrzh}{\cyrchar\cyra}{\cyrchar\cyrr}{\cyrchar\cyro}{\cyrchar\cyrv}{\cyrchar\cyrz}{\cyrchar\cyrr}{\cyrchar\cyrery}{\cyrchar\cyrv}{\cyrchar\cyro}{\cyrchar\cyrb}{\cyrchar\cyre}{\cyrchar\cyrz}{\cyrchar\cyro}{\cyrchar\cyrp}{\cyrchar\cyra}{\cyrchar\cyrs}{\cyrchar\cyrn}{\cyrchar\cyro}{\cyrchar\cyrs}{\cyrchar\cyrt}{\cyrchar\cyrsftsn}/Fire and Explosion Safety},
  volume = {30},
  number = {6},
  pages = {13},
  issn = {2587-6201},
  doi = {10.22227/0869-7493.2021.30.06.13-23},
  urldate = {2024-08-17},
  abstract = {Introduction . In theatre and concert halls, acoustic environments are created, among other things, by wall and ceiling panels, that have special sound absorption properties. However, modern materials demonstrating the required acoustic properties do not necessarily comply with effective fire safety regulations.  Aims and purposes . Modern acoustic panels, made of mineral fibers, are among the most effective ones in terms of sound absorption; they also provide wide opportunities for the high-quality design of auditoriums. Despite the non-combustible basic component, high acoustic performance of such decorative items is attained thanks to a set of supplementary materials that have different chemical compositions, structures, physical and mechanical properties, which, in the aggregate, slightly reduce fire safety. Due to the lack of fire safety requirements applicable to special materials that perform the function of sound absorption, their usability in auditoriums of buildings and structures is confirmed, as a rule, according to the standards that apply to traditional decorative and finishing materials. At the same time, the use of high-performance acoustic materials is problematic due to rather strict fire safety requirements for decorative and finishing materials designated for walls and ceilings. The purpose of this work is to conduct analytical studies on the effective regulatory framework of the fire-safe use of acoustic materials, perform comparative experimental studies on the assessment of their fire-technical characteristics to study the feasibility of drafting proposals on their acceptable use on the premises and in the halls of cultural and entertainment facilities.  Results and discussion . Analytical studies were conducted to identify the most effective sound-absorbing finishing materials that feature lower fire hazards. They are mineral wool products made of glass fiber or stone wool. A set of fire hazard indicators, typical for acoustic decorative materials, made of mineral fibers, were subject to comparative experimental studies for the purpose of their legitimate fire-safe use in public auditoriums. The co-authors found that the requirements, applicable to acoustic materials designated for walls and ceilings, can be issued as amendments to effective regulatory and technical documents on fire safety.  Conclusions . The co-authors proposed amendments to effective fire safety regulations in respect of the requirements applicable to acoustic materials designated for walls and ceilings of auditoriums.},
  chapter = {{\cyrchar\CYRB}{\cyrchar\CYRE}{\cyrchar\CYRZ}{\cyrchar\CYRO}{\cyrchar\CYRP}{\cyrchar\CYRA}{\cyrchar\CYRS}{\cyrchar\CYRN}{\cyrchar\CYRO}{\cyrchar\CYRS}{\cyrchar\CYRT}{\cyrchar\CYRSFTSN} {\cyrchar\CYRV}{\cyrchar\CYRE}{\cyrchar\CYRSHCH}{\cyrchar\CYRE}{\cyrchar\CYRS}{\cyrchar\CYRT}{\cyrchar\CYRV} {\cyrchar\CYRI} {\cyrchar\CYRM}{\cyrchar\CYRA}{\cyrchar\CYRT}{\cyrchar\CYRE}{\cyrchar\CYRR}{\cyrchar\CYRI}{\cyrchar\CYRA}{\cyrchar\CYRL}{\cyrchar\CYRO}{\cyrchar\CYRV}},
  copyright = {{\cyrchar\CYRA}{\cyrchar\cyrv}{\cyrchar\cyrt}{\cyrchar\cyro}{\cyrchar\cyrr}{\cyrchar\cyrery}, {\cyrchar\cyrp}{\cyrchar\cyru}{\cyrchar\cyrb}{\cyrchar\cyrl}{\cyrchar\cyri}{\cyrchar\cyrk}{\cyrchar\cyru}{\cyrchar\cyryu}{\cyrchar\cyrshch}{\cyrchar\cyri}{\cyrchar\cyre} {\cyrchar\cyrs}{\cyrchar\cyrv}{\cyrchar\cyro}{\cyrchar\cyri} {\cyrchar\cyrm}{\cyrchar\cyra}{\cyrchar\cyrt}{\cyrchar\cyre}{\cyrchar\cyrr}{\cyrchar\cyri}{\cyrchar\cyra}{\cyrchar\cyrl}{\cyrchar\cyrery} {\cyrchar\cyrv} {\cyrchar\cyrzh}{\cyrchar\cyru}{\cyrchar\cyrr}{\cyrchar\cyrn}{\cyrchar\cyra}{\cyrchar\cyrl}{\cyrchar\cyre} << {\cyrchar\CYRP}{\cyrchar\cyro}{\cyrchar\cyrzh}{\cyrchar\cyra}{\cyrchar\cyrr}{\cyrchar\cyro}{\cyrchar\cyrv}{\cyrchar\cyrz}{\cyrchar\cyrr}{\cyrchar\cyrery}{\cyrchar\cyrv}{\cyrchar\cyro}{\cyrchar\cyrb}{\cyrchar\cyre}{\cyrchar\cyrz}{\cyrchar\cyro}{\cyrchar\cyrp}{\cyrchar\cyra}{\cyrchar\cyrs}{\cyrchar\cyrn}{\cyrchar\cyro}{\cyrchar\cyrs}{\cyrchar\cyrt}{\cyrchar\cyrsftsn}/Fire and Explosion Safety >>, {\cyrchar\cyrs}{\cyrchar\cyro}{\cyrchar\cyrg}{\cyrchar\cyrl}{\cyrchar\cyra}{\cyrchar\cyrsh}{\cyrchar\cyra}{\cyrchar\cyryu}{\cyrchar\cyrt}{\cyrchar\cyrs}{\cyrchar\cyrya} {\cyrchar\cyrs}{\cyrchar\cyro} {\cyrchar\cyrs}{\cyrchar\cyrl}{\cyrchar\cyre}{\cyrchar\cyrd}{\cyrchar\cyru}{\cyrchar\cyryu}{\cyrchar\cyrshch}{\cyrchar\cyri}{\cyrchar\cyrm}:   {\cyrchar\CYRA}{\cyrchar\cyrv}{\cyrchar\cyrt}{\cyrchar\cyro}{\cyrchar\cyrr}{\cyrchar\cyrery} {\cyrchar\cyrs}{\cyrchar\cyro}{\cyrchar\cyrh}{\cyrchar\cyrr}{\cyrchar\cyra}{\cyrchar\cyrn}{\cyrchar\cyrya}{\cyrchar\cyryu}{\cyrchar\cyrt} {\cyrchar\cyrz}{\cyrchar\cyra} {\cyrchar\cyrs}{\cyrchar\cyro}{\cyrchar\cyrb}{\cyrchar\cyro}{\cyrchar\cyrishrt} {\cyrchar\cyra}{\cyrchar\cyrv}{\cyrchar\cyrt}{\cyrchar\cyro}{\cyrchar\cyrr}{\cyrchar\cyrs}{\cyrchar\cyrk}{\cyrchar\cyri}{\cyrchar\cyre} {\cyrchar\cyrp}{\cyrchar\cyrr}{\cyrchar\cyra}{\cyrchar\cyrv}{\cyrchar\cyra} {\cyrchar\cyrn}{\cyrchar\cyra} {\cyrchar\cyrr}{\cyrchar\cyra}{\cyrchar\cyrb}{\cyrchar\cyro}{\cyrchar\cyrt}{\cyrchar\cyru} {\cyrchar\cyri} {\cyrchar\cyrp}{\cyrchar\cyrr}{\cyrchar\cyre}{\cyrchar\cyrd}{\cyrchar\cyro}{\cyrchar\cyrs}{\cyrchar\cyrt}{\cyrchar\cyra}{\cyrchar\cyrv}{\cyrchar\cyrl}{\cyrchar\cyrya}{\cyrchar\cyryu}{\cyrchar\cyrt} {\cyrchar\cyrzh}{\cyrchar\cyru}{\cyrchar\cyrr}{\cyrchar\cyrn}{\cyrchar\cyra}{\cyrchar\cyrl}{\cyrchar\cyru} {\cyrchar\cyrp}{\cyrchar\cyrr}{\cyrchar\cyra}{\cyrchar\cyrv}{\cyrchar\cyro} {\cyrchar\cyrp}{\cyrchar\cyre}{\cyrchar\cyrr}{\cyrchar\cyrv}{\cyrchar\cyro}{\cyrchar\cyrishrt} {\cyrchar\cyrp}{\cyrchar\cyru}{\cyrchar\cyrb}{\cyrchar\cyrl}{\cyrchar\cyri}{\cyrchar\cyrk}{\cyrchar\cyra}{\cyrchar\cyrc}{\cyrchar\cyri}{\cyrchar\cyri} {\cyrchar\cyre}{\cyrchar\cyre} {\cyrchar\cyrn}{\cyrchar\cyra} {\cyrchar\cyru}{\cyrchar\cyrs}{\cyrchar\cyrl}{\cyrchar\cyro}{\cyrchar\cyrv}{\cyrchar\cyri}{\cyrchar\cyrya}{\cyrchar\cyrh} {\cyrchar\cyrl}{\cyrchar\cyri}{\cyrchar\cyrc}{\cyrchar\cyre}{\cyrchar\cyrn}{\cyrchar\cyrz}{\cyrchar\cyri}{\cyrchar\cyri}~ Creative Commons Attribution License , {\cyrchar\cyrk}{\cyrchar\cyro}{\cyrchar\cyrt}{\cyrchar\cyro}{\cyrchar\cyrr}{\cyrchar\cyra}{\cyrchar\cyrya} {\cyrchar\cyrp}{\cyrchar\cyro}{\cyrchar\cyrz}{\cyrchar\cyrv}{\cyrchar\cyro}{\cyrchar\cyrl}{\cyrchar\cyrya}{\cyrchar\cyre}{\cyrchar\cyrt} {\cyrchar\cyrd}{\cyrchar\cyrr}{\cyrchar\cyru}{\cyrchar\cyrg}{\cyrchar\cyri}{\cyrchar\cyrm} {\cyrchar\cyrl}{\cyrchar\cyri}{\cyrchar\cyrc}{\cyrchar\cyra}{\cyrchar\cyrm} {\cyrchar\cyrr}{\cyrchar\cyra}{\cyrchar\cyrs}{\cyrchar\cyrp}{\cyrchar\cyrr}{\cyrchar\cyro}{\cyrchar\cyrs}{\cyrchar\cyrt}{\cyrchar\cyrr}{\cyrchar\cyra}{\cyrchar\cyrn}{\cyrchar\cyrya}{\cyrchar\cyrt}{\cyrchar\cyrsftsn} {\cyrchar\cyrd}{\cyrchar\cyra}{\cyrchar\cyrn}{\cyrchar\cyrn}{\cyrchar\cyru}{\cyrchar\cyryu} {\cyrchar\cyrr}{\cyrchar\cyra}{\cyrchar\cyrb}{\cyrchar\cyro}{\cyrchar\cyrt}{\cyrchar\cyru} {\cyrchar\cyrs} {\cyrchar\cyro}{\cyrchar\cyrb}{\cyrchar\cyrya}{\cyrchar\cyrz}{\cyrchar\cyra}{\cyrchar\cyrt}{\cyrchar\cyre}{\cyrchar\cyrl}{\cyrchar\cyrsftsn}{\cyrchar\cyrn}{\cyrchar\cyrery}{\cyrchar\cyrm} {\cyrchar\cyrs}{\cyrchar\cyro}{\cyrchar\cyrh}{\cyrchar\cyrr}{\cyrchar\cyra}{\cyrchar\cyrn}{\cyrchar\cyre}{\cyrchar\cyrn}{\cyrchar\cyri}{\cyrchar\cyre}{\cyrchar\cyrm} {\cyrchar\cyrs}{\cyrchar\cyrs}{\cyrchar\cyrery}{\cyrchar\cyrl}{\cyrchar\cyro}{\cyrchar\cyrk} {\cyrchar\cyrn}{\cyrchar\cyra} {\cyrchar\cyra}{\cyrchar\cyrv}{\cyrchar\cyrt}{\cyrchar\cyro}{\cyrchar\cyrr}{\cyrchar\cyro}{\cyrchar\cyrv} {\cyrchar\cyro}{\cyrchar\cyrr}{\cyrchar\cyri}{\cyrchar\cyrg}{\cyrchar\cyri}{\cyrchar\cyrn}{\cyrchar\cyra}{\cyrchar\cyrl}{\cyrchar\cyrsftsn}{\cyrchar\cyrn}{\cyrchar\cyro}{\cyrchar\cyrishrt} {\cyrchar\cyrr}{\cyrchar\cyra}{\cyrchar\cyrb}{\cyrchar\cyro}{\cyrchar\cyrt}{\cyrchar\cyrery} {\cyrchar\cyri} {\cyrchar\cyro}{\cyrchar\cyrr}{\cyrchar\cyri}{\cyrchar\cyrg}{\cyrchar\cyri}{\cyrchar\cyrn}{\cyrchar\cyra}{\cyrchar\cyrl}{\cyrchar\cyrsftsn}{\cyrchar\cyrn}{\cyrchar\cyru}{\cyrchar\cyryu} {\cyrchar\cyrp}{\cyrchar\cyru}{\cyrchar\cyrb}{\cyrchar\cyrl}{\cyrchar\cyri}{\cyrchar\cyrk}{\cyrchar\cyra}{\cyrchar\cyrc}{\cyrchar\cyri}{\cyrchar\cyryu} {\cyrchar\cyrv} {\cyrchar\cyrzh}{\cyrchar\cyru}{\cyrchar\cyrr}{\cyrchar\cyrn}{\cyrchar\cyra}{\cyrchar\cyrl}{\cyrchar\cyre} << {\cyrchar\CYRP}{\cyrchar\cyro}{\cyrchar\cyrzh}{\cyrchar\cyra}{\cyrchar\cyrr}{\cyrchar\cyro}{\cyrchar\cyrv}{\cyrchar\cyrz}{\cyrchar\cyrr}{\cyrchar\cyrery}{\cyrchar\cyrv}{\cyrchar\cyro}{\cyrchar\cyrb}{\cyrchar\cyre}{\cyrchar\cyrz}{\cyrchar\cyro}{\cyrchar\cyrp}{\cyrchar\cyra}{\cyrchar\cyrs}{\cyrchar\cyrn}{\cyrchar\cyro}{\cyrchar\cyrs}{\cyrchar\cyrt}{\cyrchar\cyrsftsn}/Fire and Explosion Safety >>.  {\cyrchar\CYRA}{\cyrchar\cyrv}{\cyrchar\cyrt}{\cyrchar\cyro}{\cyrchar\cyrr}{\cyrchar\cyrery} {\cyrchar\cyrs}{\cyrchar\cyro}{\cyrchar\cyrh}{\cyrchar\cyrr}{\cyrchar\cyra}{\cyrchar\cyrn}{\cyrchar\cyrya}{\cyrchar\cyryu}{\cyrchar\cyrt} {\cyrchar\cyrp}{\cyrchar\cyrr}{\cyrchar\cyra}{\cyrchar\cyrv}{\cyrchar\cyro} {\cyrchar\cyrz}{\cyrchar\cyra}{\cyrchar\cyrk}{\cyrchar\cyrl}{\cyrchar\cyryu}{\cyrchar\cyrch}{\cyrchar\cyra}{\cyrchar\cyrt}{\cyrchar\cyrsftsn} {\cyrchar\cyro}{\cyrchar\cyrt}{\cyrchar\cyrd}{\cyrchar\cyre}{\cyrchar\cyrl}{\cyrchar\cyrsftsn}{\cyrchar\cyrn}{\cyrchar\cyrery}{\cyrchar\cyre} {\cyrchar\cyrk}{\cyrchar\cyro}{\cyrchar\cyrn}{\cyrchar\cyrt}{\cyrchar\cyrr}{\cyrchar\cyra}{\cyrchar\cyrk}{\cyrchar\cyrt}{\cyrchar\cyrn}{\cyrchar\cyrery}{\cyrchar\cyre} {\cyrchar\cyrd}{\cyrchar\cyro}{\cyrchar\cyrg}{\cyrchar\cyro}{\cyrchar\cyrv}{\cyrchar\cyro}{\cyrchar\cyrr}{\cyrchar\cyre}{\cyrchar\cyrn}{\cyrchar\cyrn}{\cyrchar\cyro}{\cyrchar\cyrs}{\cyrchar\cyrt}{\cyrchar\cyri}, {\cyrchar\cyrk}{\cyrchar\cyra}{\cyrchar\cyrs}{\cyrchar\cyra}{\cyrchar\cyryu}{\cyrchar\cyrshch}{\cyrchar\cyri}{\cyrchar\cyre}{\cyrchar\cyrs}{\cyrchar\cyrya} {\cyrchar\cyrn}{\cyrchar\cyre}{\cyrchar\cyrerev}{\cyrchar\cyrk}{\cyrchar\cyrs}{\cyrchar\cyrk}{\cyrchar\cyrl}{\cyrchar\cyryu}{\cyrchar\cyrz}{\cyrchar\cyri}{\cyrchar\cyrv}{\cyrchar\cyrn}{\cyrchar\cyro}{\cyrchar\cyrg}{\cyrchar\cyro} {\cyrchar\cyrr}{\cyrchar\cyra}{\cyrchar\cyrs}{\cyrchar\cyrp}{\cyrchar\cyrr}{\cyrchar\cyro}{\cyrchar\cyrs}{\cyrchar\cyrt}{\cyrchar\cyrr}{\cyrchar\cyra}{\cyrchar\cyrn}{\cyrchar\cyre}{\cyrchar\cyrn}{\cyrchar\cyri}{\cyrchar\cyrya} {\cyrchar\cyrv}{\cyrchar\cyre}{\cyrchar\cyrr}{\cyrchar\cyrs}{\cyrchar\cyri}{\cyrchar\cyri} {\cyrchar\cyrr}{\cyrchar\cyra}{\cyrchar\cyrb}{\cyrchar\cyro}{\cyrchar\cyrt}{\cyrchar\cyrery} {\cyrchar\cyrv} {\cyrchar\cyro}{\cyrchar\cyrp}{\cyrchar\cyru}{\cyrchar\cyrb}{\cyrchar\cyrl}{\cyrchar\cyri}{\cyrchar\cyrk}{\cyrchar\cyro}{\cyrchar\cyrv}{\cyrchar\cyra}{\cyrchar\cyrn}{\cyrchar\cyrn}{\cyrchar\cyro}{\cyrchar\cyrm} {\cyrchar\cyrz}{\cyrchar\cyrd}{\cyrchar\cyre}{\cyrchar\cyrs}{\cyrchar\cyrsftsn} {\cyrchar\cyrv}{\cyrchar\cyri}{\cyrchar\cyrd}{\cyrchar\cyre} ({\cyrchar\cyrn}{\cyrchar\cyra}{\cyrchar\cyrp}{\cyrchar\cyrr}{\cyrchar\cyri}{\cyrchar\cyrm}{\cyrchar\cyre}{\cyrchar\cyrr}, {\cyrchar\cyrr}{\cyrchar\cyra}{\cyrchar\cyrz}{\cyrchar\cyrm}{\cyrchar\cyre}{\cyrchar\cyrshch}{\cyrchar\cyre}{\cyrchar\cyrn}{\cyrchar\cyri}{\cyrchar\cyre} {\cyrchar\cyre}{\cyrchar\cyre} {\cyrchar\cyrv} {\cyrchar\cyri}{\cyrchar\cyrn}{\cyrchar\cyrs}{\cyrchar\cyrt}{\cyrchar\cyri}{\cyrchar\cyrt}{\cyrchar\cyru}{\cyrchar\cyrt}{\cyrchar\cyrs}{\cyrchar\cyrk}{\cyrchar\cyro}{\cyrchar\cyrm} {\cyrchar\cyrh}{\cyrchar\cyrr}{\cyrchar\cyra}{\cyrchar\cyrn}{\cyrchar\cyri}{\cyrchar\cyrl}{\cyrchar\cyri}{\cyrchar\cyrshch}{\cyrchar\cyre}, {\cyrchar\cyrp}{\cyrchar\cyru}{\cyrchar\cyrb}{\cyrchar\cyrl}{\cyrchar\cyri}{\cyrchar\cyrk}{\cyrchar\cyra}{\cyrchar\cyrc}{\cyrchar\cyri}{\cyrchar\cyrya} {\cyrchar\cyrv} {\cyrchar\cyrk}{\cyrchar\cyrn}{\cyrchar\cyri}{\cyrchar\cyrg}{\cyrchar\cyre}), {\cyrchar\cyrs}{\cyrchar\cyro} {\cyrchar\cyrs}{\cyrchar\cyrs}{\cyrchar\cyrery}{\cyrchar\cyrl}{\cyrchar\cyrk}{\cyrchar\cyro}{\cyrchar\cyrishrt} {\cyrchar\cyrn}{\cyrchar\cyra} {\cyrchar\cyre}{\cyrchar\cyre} {\cyrchar\cyro}{\cyrchar\cyrr}{\cyrchar\cyri}{\cyrchar\cyrg}{\cyrchar\cyri}{\cyrchar\cyrn}{\cyrchar\cyra}{\cyrchar\cyrl}{\cyrchar\cyrsftsn}{\cyrchar\cyrn}{\cyrchar\cyru}{\cyrchar\cyryu} {\cyrchar\cyrp}{\cyrchar\cyru}{\cyrchar\cyrb}{\cyrchar\cyrl}{\cyrchar\cyri}{\cyrchar\cyrk}{\cyrchar\cyra}{\cyrchar\cyrc}{\cyrchar\cyri}{\cyrchar\cyryu} {\cyrchar\cyrv} {\cyrchar\cyrzh}{\cyrchar\cyru}{\cyrchar\cyrr}{\cyrchar\cyrn}{\cyrchar\cyra}{\cyrchar\cyrl}{\cyrchar\cyre} << {\cyrchar\CYRP}{\cyrchar\cyro}{\cyrchar\cyrzh}{\cyrchar\cyra}{\cyrchar\cyrr}{\cyrchar\cyro}{\cyrchar\cyrv}{\cyrchar\cyrz}{\cyrchar\cyrr}{\cyrchar\cyrery}{\cyrchar\cyrv}{\cyrchar\cyro}{\cyrchar\cyrb}{\cyrchar\cyre}{\cyrchar\cyrz}{\cyrchar\cyro}{\cyrchar\cyrp}{\cyrchar\cyra}{\cyrchar\cyrs}{\cyrchar\cyrn}{\cyrchar\cyro}{\cyrchar\cyrs}{\cyrchar\cyrt}{\cyrchar\cyrsftsn}/Fire and Explosion Safety >>.  {\cyrchar\CYRA}{\cyrchar\cyrv}{\cyrchar\cyrt}{\cyrchar\cyro}{\cyrchar\cyrr}{\cyrchar\cyrery} {\cyrchar\cyri}{\cyrchar\cyrm}{\cyrchar\cyre}{\cyrchar\cyryu}{\cyrchar\cyrt} {\cyrchar\cyrp}{\cyrchar\cyrr}{\cyrchar\cyra}{\cyrchar\cyrv}{\cyrchar\cyro} {\cyrchar\cyrr}{\cyrchar\cyra}{\cyrchar\cyrz}{\cyrchar\cyrm}{\cyrchar\cyre}{\cyrchar\cyrshch}{\cyrchar\cyra}{\cyrchar\cyrt}{\cyrchar\cyrsftsn} {\cyrchar\cyrs}{\cyrchar\cyrv}{\cyrchar\cyro}{\cyrchar\cyryu} {\cyrchar\cyrr}{\cyrchar\cyra}{\cyrchar\cyrb}{\cyrchar\cyro}{\cyrchar\cyrt}{\cyrchar\cyru} {\cyrchar\cyrv} {\cyrchar\cyrs}{\cyrchar\cyre}{\cyrchar\cyrt}{\cyrchar\cyri} {\cyrchar\CYRI}{\cyrchar\cyrn}{\cyrchar\cyrt}{\cyrchar\cyre}{\cyrchar\cyrr}{\cyrchar\cyrn}{\cyrchar\cyre}{\cyrchar\cyrt} ({\cyrchar\cyrn}{\cyrchar\cyra}{\cyrchar\cyrp}{\cyrchar\cyrr}{\cyrchar\cyri}{\cyrchar\cyrm}{\cyrchar\cyre}{\cyrchar\cyrr}, {\cyrchar\cyrv} {\cyrchar\cyri}{\cyrchar\cyrn}{\cyrchar\cyrs}{\cyrchar\cyrt}{\cyrchar\cyri}{\cyrchar\cyrt}{\cyrchar\cyru}{\cyrchar\cyrt}{\cyrchar\cyrs}{\cyrchar\cyrk}{\cyrchar\cyro}{\cyrchar\cyrm} {\cyrchar\cyrh}{\cyrchar\cyrr}{\cyrchar\cyra}{\cyrchar\cyrn}{\cyrchar\cyri}{\cyrchar\cyrl}{\cyrchar\cyri}{\cyrchar\cyrshch}{\cyrchar\cyre} {\cyrchar\cyri}{\cyrchar\cyrl}{\cyrchar\cyri} {\cyrchar\cyrn}{\cyrchar\cyra} {\cyrchar\cyrp}{\cyrchar\cyre}{\cyrchar\cyrr}{\cyrchar\cyrs}{\cyrchar\cyro}{\cyrchar\cyrn}{\cyrchar\cyra}{\cyrchar\cyrl}{\cyrchar\cyrsftsn}{\cyrchar\cyrn}{\cyrchar\cyro}{\cyrchar\cyrm} {\cyrchar\cyrs}{\cyrchar\cyra}{\cyrchar\cyrishrt}{\cyrchar\cyrt}{\cyrchar\cyre}) {\cyrchar\cyrd}{\cyrchar\cyro} {\cyrchar\cyri} {\cyrchar\cyrv}{\cyrchar\cyro} {\cyrchar\cyrv}{\cyrchar\cyrr}{\cyrchar\cyre}{\cyrchar\cyrm}{\cyrchar\cyrya} {\cyrchar\cyrp}{\cyrchar\cyrr}{\cyrchar\cyro}{\cyrchar\cyrc}{\cyrchar\cyre}{\cyrchar\cyrs}{\cyrchar\cyrs}{\cyrchar\cyra} {\cyrchar\cyrr}{\cyrchar\cyra}{\cyrchar\cyrs}{\cyrchar\cyrs}{\cyrchar\cyrm}{\cyrchar\cyro}{\cyrchar\cyrt}{\cyrchar\cyrr}{\cyrchar\cyre}{\cyrchar\cyrn}{\cyrchar\cyri}{\cyrchar\cyrya} {\cyrchar\cyre}{\cyrchar\cyre} {\cyrchar\cyrzh}{\cyrchar\cyru}{\cyrchar\cyrr}{\cyrchar\cyrn}{\cyrchar\cyra}{\cyrchar\cyrl}{\cyrchar\cyro}{\cyrchar\cyrm} << {\cyrchar\CYRP}{\cyrchar\cyro}{\cyrchar\cyrzh}{\cyrchar\cyra}{\cyrchar\cyrr}{\cyrchar\cyro}{\cyrchar\cyrv}{\cyrchar\cyrz}{\cyrchar\cyrr}{\cyrchar\cyrery}{\cyrchar\cyrv}{\cyrchar\cyro}{\cyrchar\cyrb}{\cyrchar\cyre}{\cyrchar\cyrz}{\cyrchar\cyro}{\cyrchar\cyrp}{\cyrchar\cyra}{\cyrchar\cyrs}{\cyrchar\cyrn}{\cyrchar\cyro}{\cyrchar\cyrs}{\cyrchar\cyrt}{\cyrchar\cyrsftsn}/Fire and Explosion Safety >>, {\cyrchar\cyrt}{\cyrchar\cyra}{\cyrchar\cyrk} {\cyrchar\cyrk}{\cyrchar\cyra}{\cyrchar\cyrk} {\cyrchar\cyrerev}{\cyrchar\cyrt}{\cyrchar\cyro} {\cyrchar\cyrm}{\cyrchar\cyro}{\cyrchar\cyrzh}{\cyrchar\cyre}{\cyrchar\cyrt} {\cyrchar\cyrp}{\cyrchar\cyro}{\cyrchar\cyrs}{\cyrchar\cyrl}{\cyrchar\cyru}{\cyrchar\cyrzh}{\cyrchar\cyri}{\cyrchar\cyrt}{\cyrchar\cyrsftsn} {\cyrchar\cyrp}{\cyrchar\cyrr}{\cyrchar\cyro}{\cyrchar\cyrd}{\cyrchar\cyru}{\cyrchar\cyrk}{\cyrchar\cyrt}{\cyrchar\cyri}{\cyrchar\cyrv}{\cyrchar\cyrn}{\cyrchar\cyro}{\cyrchar\cyrm}{\cyrchar\cyru} {\cyrchar\cyro}{\cyrchar\cyrb}{\cyrchar\cyrs}{\cyrchar\cyru}{\cyrchar\cyrzh}{\cyrchar\cyrd}{\cyrchar\cyre}{\cyrchar\cyrn}{\cyrchar\cyri}{\cyrchar\cyryu} {\cyrchar\cyri} {\cyrchar\cyrb}{\cyrchar\cyro}{\cyrchar\cyrl}{\cyrchar\cyrsftsn}{\cyrchar\cyrsh}{\cyrchar\cyre}{\cyrchar\cyrm}{\cyrchar\cyru} {\cyrchar\cyrk}{\cyrchar\cyro}{\cyrchar\cyrl}{\cyrchar\cyri}{\cyrchar\cyrch}{\cyrchar\cyre}{\cyrchar\cyrs}{\cyrchar\cyrt}{\cyrchar\cyrv}{\cyrchar\cyru} {\cyrchar\cyrs}{\cyrchar\cyrs}{\cyrchar\cyrery}{\cyrchar\cyrl}{\cyrchar\cyro}{\cyrchar\cyrk} {\cyrchar\cyrn}{\cyrchar\cyra} {\cyrchar\cyrd}{\cyrchar\cyra}{\cyrchar\cyrn}{\cyrchar\cyrn}{\cyrchar\cyru}{\cyrchar\cyryu} {\cyrchar\cyrr}{\cyrchar\cyra}{\cyrchar\cyrb}{\cyrchar\cyro}{\cyrchar\cyrt}{\cyrchar\cyru} ({\cyrchar\cyrs}{\cyrchar\cyrm}.  The Effect of Open Access ).},
  langid = {russian},
  file = {C:\Users\naseh\Zotero\storage\9L8R3G9N\Константинова et al. - 2022 - Пожаробезопасное применение акустических материало.pdf}
}

@misc{SustainabilityReport2023_ToC,
  title = {Sustainability {{Report}} 2023\_{{ToC}}},
  urldate = {2024-08-17},
  howpublished = {https://www.bain.com/insights/topics/ceo-sustainability-guide/},
  langid = {english}
}

@misc{UltraTouchRecycledDenimb,
  title = {{{UltraTouch}}™ {{Recycled Denim Insulation}}},
  journal = {Acoustical Surfaces},
  urldate = {2024-08-17},
  abstract = {UltraTouch Denim Insulation is made from 80\% recycled denim, offering a non-toxic and safe noise and thermal insulation solution from ASI. Learn more.},
  langid = {english}
}

@misc{VisionaryCEOGuide,
  title = {The {{Visionary CEO}}'s {{Guide}} to {{Sustainability}}},
  journal = {Bain},
  urldate = {2024-08-17},
  abstract = {Our report explores how leaders can pragmatically navigate a changing world.},
  howpublished = {https://www.bain.com/insights/topics/ceo-sustainability-guide/},
  langid = {english},
  file = {C:\Users\naseh\Zotero\storage\FKZK8NXX\ceo-sustainability-guide.html}
}

